<collection xmlns="http://www.loc.gov/MARC21/slim">
<record>
  <leader>00505na 0a22001331i 450 </leader>
  <controlfield tag="001">IT\ICCU\CNCE\072577</controlfield>
  <controlfield tag="005">20080930000000.0</controlfield>
  <datafield tag="100" ind1=" " ind2=" ">
    <subfield code="a">20080319             0itac0103    ba</subfield>
  </datafield>
  <datafield tag="101" ind1=" " ind2=" ">
    <subfield code="a">LAT</subfield>
  </datafield>
  <datafield tag="200" ind1="1" ind2=" ">
    <subfield code="a">Index in Auicennae libros nuper Venetiis editos ... Iulio Palamede Adriensi medico auctore</subfield>
  </datafield>
  <datafield tag="700" ind1=" " ind2="1">
    <subfield code="a">Palamede,</subfield>
    <subfield code="b">Giulio</subfield>
    <subfield code="3">IT\ICCU\CNCA\000366</subfield>
  </datafield>
  <datafield tag="790" ind1=" " ind2="1">
    <subfield code="a">Palamedes,</subfield>
    <subfield code="b">Iulius</subfield>
    <subfield code="3">IT\ICCU\CNCA\021839</subfield>
    <subfield code="z">Palamede, Giulio</subfield>
  </datafield>
  <datafield tag="790" ind1=" " ind2="1">
    <subfield code="a">Palamedes,</subfield>
    <subfield code="b">Julius</subfield>
    <subfield code="3">IT\ICCU\CNCA\021841</subfield>
    <subfield code="z">Palamede, Giulio</subfield>
  </datafield>
  <datafield tag="801" ind1=" " ind2="3">
    <subfield code="a">IT</subfield>
    <subfield code="b">ICCU</subfield>
    <subfield code="c">20201115</subfield>
  </datafield>
</record>
</collection>
